<?xml version="1.0" encoding="UTF-8"?><collection xmlns="http://www.loc.gov/MARC21/slim"><record><leader>00343nam--2200133-i-4500</leader><controlfield tag="001">000013426</controlfield><controlfield tag="002">20161230</controlfield><controlfield tag="005">20161230201030</controlfield><controlfield tag="008">060222s1000------------r-----000-0-eng-d</controlfield><datafield ind1=" " ind2=" " tag="245"><subfield code="a">Microprocessors</subfield></datafield><datafield ind1=" " ind2=" " tag="260"><subfield code="a">New York, Mcgraw-hill Publication Co.,1975 Vi+154 P</subfield></datafield><datafield ind1=" " ind2=" " tag="490"><subfield code="a">Electronics Book Series</subfield></datafield><datafield ind1=" " ind2=" " tag="700"><subfield code="a">Altman Laurence</subfield></datafield><datafield ind1=" " ind2=" " tag="852"><subfield code="a">48755</subfield></datafield></record></collection>